@article{fayyd1996data,
  title={From data mining to knowledge discovery: An overview},
  author={Fayyd, Usama M and Shapiro, Gregory P and Smyth, Padhraic},
  year={1996},
  publisher={AAAI Press/The MIT Press}
}

@book{garcia2016data,
  title={Data preprocessing in data mining},
  author={Garc{\'\i}a, Salvador and Luengo, Juli{\'a}n and Herrera, Francisco},
  year={2016},
  publisher={Springer}
}

@article{kim2003taxonomy,
  title={A taxonomy of dirty data},
  author={Kim, Won and Choi, Byoung-Ju and Hong, Eui-Kyeong and Kim, Soo-Kyung and Lee, Doheon},
  journal={Data mining and knowledge discovery},
  volume={7},
  number={1},
  pages={81--99},
  year={2003},
  publisher={Springer}
}

@article{farhangfar2007novel,
  title={A novel framework for imputation of missing values in databases},
  author={Farhangfar, Alireza and Kurgan, Lukasz A and Pedrycz, Witold},
  journal={IEEE Transactions on Systems, Man, and Cybernetics-Part A: Systems and Humans},
  volume={37},
  number={5},
  pages={692--709},
  year={2007},
  publisher={IEEE}
}

@article{catal2011class,
  title={Class noise detection based on software metrics and ROC curves},
  author={Catal, Cagatay and Alan, Oral and Balkan, Kerime},
  journal={Information Sciences},
  volume={181},
  number={21},
  pages={4867--4877},
  year={2011},
  publisher={Elsevier}
}

@inproceedings{teng1999correcting,
  title={Correcting Noisy Data.},
  author={Teng, Choh-Man},
  booktitle={ICML},
  pages={239--248},
  year={1999},
  organization={Citeseer}
}

@article{brodley1999identifying,
  title={Identifying mislabeled training data},
  author={Brodley, Carla E and Friedl, Mark A},
  journal={Journal of artificial intelligence research},
  volume={11},
  pages={131--167},
  year={1999}
}

@article{batini1986comparative,
  title={A comparative analysis of methodologies for database schema integration},
  author={Batini, Carlo and Lenzerini, Maurizio and Navathe, Shamkant B.},
  journal={ACM computing surveys (CSUR)},
  volume={18},
  number={4},
  pages={323--364},
  year={1986},
  publisher={ACM}
}

@article{fellegi1969theory,
  title={A theory for record linkage},
  author={Fellegi, Ivan P and Sunter, Alan B},
  journal={Journal of the American Statistical Association},
  volume={64},
  number={328},
  pages={1183--1210},
  year={1969},
  publisher={Taylor \& Francis Group}
}

@article{cochinwala2001efficient,
  title={Efficient data reconciliation},
  author={Cochinwala, Munir and Kurien, Verghese and Lalk, Gail and Shasha, Dennis},
  journal={Information Sciences},
  volume={137},
  number={1-4},
  pages={1--15},
  year={2001},
  publisher={Elsevier}
}

@article{garcia2013survey,
  title={A survey of discretization techniques: Taxonomy and empirical analysis in supervised learning},
  author={Garcia, Salvador and Luengo, Julian and S{\'a}ez, Jos{\'e} Antonio and Lopez, Victoria and Herrera, Francisco},
  journal={IEEE Transactions on Knowledge and Data Engineering},
  volume={25},
  number={4},
  pages={734--750},
  year={2013},
  publisher={IEEE}
}

@book{cios2007data,
  title={Data mining: a knowledge discovery approach},
  author={Cios, Krzysztof J and Pedrycz, Witold and Swiniarski, Roman W and Kurgan, Lukasz Andrzej},
  year={2007},
  publisher={Springer Science \& Business Media}
}

@article{yang2009discretization,
  title={Discretization for naive-Bayes learning: managing discretization bias and variance},
  author={Yang, Ying and Webb, Geoffrey I},
  journal={Machine learning},
  volume={74},
  number={1},
  pages={39--74},
  year={2009},
  publisher={Springer}
}

@book{liu2012feature,
  title={Feature selection for knowledge discovery and data mining},
  author={Liu, Huan and Motoda, Hiroshi},
  volume={454},
  year={2012},
  publisher={Springer Science \& Business Media}
}

@inproceedings{almuallim1991learning,
  title={Learning With Many Irrelevant Features.},
  author={Almuallim, Hussein and Dietterich, Thomas G},
  booktitle={AAAI},
  volume={91},
  pages={547--552},
  year={1991}
}

@inproceedings{liul1998monotonic,
  title={A monotonic measure for optimal feature selection},
  author={Liul, Huan and Motoda, Hiroshi and Dash, Manoranjan},
  booktitle={European conference on machine learning},
  pages={101--106},
  year={1998},
  organization={Springer}
}

@inproceedings{xu1988best,
  title={Best first strategy for feature selection},
  author={Xu, Lei and Yan, Pingfan and Chang, Tong},
  booktitle={Pattern Recognition, 1988., 9th International Conference on},
  pages={706--708},
  year={1988},
  organization={IEEE}
}

@article{dash1997feature,
  title={Feature selection for classification},
  author={Dash, Manoranjan and Liu, Huan},
  journal={Intelligent data analysis},
  volume={1},
  number={3},
  pages={131--156},
  year={1997},
  publisher={IOS Press}
}

@techreport{koller1996toward,
  title={Toward optimal feature selection},
  author={Koller, Daphne and Sahami, Mehran},
  year={1996},
  institution={Stanford InfoLab}
}

@article{battiti1994using,
  title={Using mutual information for selecting features in supervised neural net learning},
  author={Battiti, Roberto},
  journal={IEEE Transactions on neural networks},
  volume={5},
  number={4},
  pages={537--550},
  year={1994},
  publisher={IEEE}
}

@inproceedings{liu1996probabilistic,
  title={A probabilistic approach to feature selection-a filter solution},
  author={Liu, Huan and Setiono, Rudy and others},
  booktitle={ICML},
  volume={96},
  pages={319--327},
  year={1996},
  organization={Citeseer}
}

@phdthesis{flores2014metaheuristics,
  title={Metaheur{\'i}sticas Bio-Inspiradas para Selecci{\'o}n de Instancias},
  author={Flores Alejandro},
  year={2014},
  school={Undergraduate thesis,Departamento de Ciencias de la Computaci{\'o}n, Universidad Sim{\'o}n Bol{\'i}var, Venezuela}
}

@phdthesis{de2004reduccion,
  title={Reducci{\'o}n de datos basada en Selecci{\'o}n Evolutiva de Instancias para Miner{\i}a de Datos},
  author={de Amo, Jos{\'e} Ram{\'o}n Cano},
  year={2004},
  school={PhD thesis, Departamento de Ciencias de la Computaci{\'o}n e Inteligencia Artificial, Universidad de Granada, Spain}
}

@article{zukhba2010np,
  title={NP-completeness of the problem of prototype selection in the nearest neighbor method},
  author={Zukhba, AV},
  journal={Pattern Recognition and Image Analysis},
  volume={20},
  number={4},
  pages={484--494},
  year={2010},
  publisher={Springer}
}

@article{liu2002issues,
  title={On issues of instance selection},
  author={Liu, Huan and Motoda, Hiroshi},
  journal={Data Mining and Knowledge Discovery},
  volume={6},
  number={2},
  pages={115--130},
  year={2002},
  publisher={Springer}
}




@book{devroye2013probabilistic,
  title={A probabilistic theory of pattern recognition},
  author={Devroye, Luc and Gy{\"o}rfi, L{\'a}szl{\'o} and Lugosi, G{\'a}bor},
  volume={31},
  year={2013},
  publisher={Springer Science \& Business Media}
}


@article{garcia2012prototype,
  title={Prototype selection for nearest neighbor classification: Taxonomy and empirical study},
  author={Garcia, Salvador and Derrac, Joaquin and Cano, Jose and Herrera, Francisco},
  journal={IEEE transactions on pattern analysis and machine intelligence},
  volume={34},
  number={3},
  pages={417--435},
  year={2012},
  publisher={IEEE}
}
